<?xml version="1.0" encoding="UTF-8"?><collection xmlns="http://www.loc.gov/MARC21/slim"><record><leader>00418nam--2200145-i-4500</leader><controlfield tag="001">000035722</controlfield><controlfield tag="002">20161230</controlfield><controlfield tag="005">20161230201040</controlfield><controlfield tag="008">060222s1000------------r-----000-0-eng-d</controlfield><datafield ind1=" " ind2=" " tag="080"><subfield code="a">515.122(043)</subfield></datafield><datafield ind1=" " ind2=" " tag="245"><subfield code="a">First order topology</subfield></datafield><datafield ind1=" " ind2=" " tag="260"><subfield code="a">Warszawa, Panstwowe Wydawnictwo Naukowe, 1977, 44p</subfield></datafield><datafield ind1=" " ind2=" " tag="490"><subfield code="a">Dissert.Mathematicae. (Rozprawy Matematyzcane</subfield></datafield><datafield ind1=" " ind2=" " tag="700"><subfield code="a">Henson, C.W., Jockusch, C.G.Jr./S.A.</subfield></datafield><datafield ind1=" " ind2=" " tag="852"><subfield code="a">7385</subfield></datafield></record></collection>